<?xml version="1.0" encoding="UTF-8"?><record xmlns="http://www.loc.gov/MARC21/slim" xmlns:cinclude="http://apache.org/cocoon/include/1.0" xmlns:zs="http://www.loc.gov/zing/srw/">
  <leader>00715cz  a2200169n  4500</leader>
  <controlfield tag="001">nb2012009677</controlfield>
  <controlfield tag="003">DLC</controlfield>
  <controlfield tag="005">20120821075331.0</controlfield>
  <controlfield tag="008">120413n| acannaabn          |n aaa      </controlfield>
  <datafield tag="010" ind1=" " ind2=" ">
    <subfield code="a">nb2012009677</subfield>
  </datafield>
  <datafield tag="035" ind1=" " ind2=" ">
    <subfield code="a">(Uk)008449605</subfield>
  </datafield>
  <datafield tag="040" ind1=" " ind2=" ">
    <subfield code="a">Uk</subfield>
    <subfield code="b">eng</subfield>
    <subfield code="c">Uk</subfield>
    <subfield code="d">DLC</subfield>
  </datafield>
  <datafield tag="100" ind1="1" ind2=" ">
    <subfield code="a">Holden, Keith,</subfield>
    <subfield code="c">Dr.</subfield>
  </datafield>
  <datafield tag="667" ind1=" " ind2=" ">
    <subfield code="a">THIS 1XX FIELD CANNOT BE USED UNDER RDA UNTIL THIS RECORD HAS BEEN REVIEWED AND/OR UPDATED</subfield>
  </datafield>
  <datafield tag="670" ind1=" " ind2=" ">
    <subfield code="a">Endothelial modulation of arterial vasoconstrictor responses, 1997</subfield>
  </datafield>
  <datafield tag="670" ind1=" " ind2=" ">
    <subfield code="a">BL database, 13 Apr. 2012</subfield>
    <subfield code="b">(hdg.: Holden, Keith)</subfield>
  </datafield>
  <datafield tag="670" ind1=" " ind2=" ">
    <subfield code="a">Univ. of Manchester www site, 13 Apr. 2012:</subfield>
    <subfield code="b">School of Pharmacy and Pharmaceutical Sciences news, Oct. 2000 (Dr. Keith Holden, clinical lecturer in pharmacy practice)</subfield>
  </datafield>
</record>